@article{DOWLING2022102097,
title = {Is non-fungible token pricing driven by cryptocurrencies?},
journal = {Finance Research Letters},
volume = {44},
pages = {102097},
year = {2022},
issn = {1544-6123},
doi = {https://doi.org/10.1016/j.frl.2021.102097},
url = {https://www.sciencedirect.com/science/article/pii/S1544612321001781},
author = {Michael Dowling},
keywords = {NFT, Non-fungible tokens, Co-movement, Cryptocurrency, Spillover}
}

@INPROCEEDINGS{9803425,
  author={Posavec, A. Budin and Aleksić-Maslać, K. and Tominac, M.},
  booktitle={2022 45th Jubilee International Convention on Information, Communication and Electronic Technology (MIPRO)}, 
  title={Non-Fungible Tokens: Might Learning About Them Be Necessary?}, 
  year={2022},
  volume={},
  number={},
  pages={700-705},
  doi={10.23919/MIPRO55190.2022.9803425}}

@article{UMAR2021121025,
title = {The impact of COVID-19-related media coverage on the return and volatility connectedness of cryptocurrencies and fiat currencies},
journal = {Technological Forecasting and Social Change},
volume = {172},
pages = {121025},
year = {2021},
issn = {0040-1625},
doi = {https://doi.org/10.1016/j.techfore.2021.121025},
url = {https://www.sciencedirect.com/science/article/pii/S0040162521004571},
author = {Zaghum Umar and Francisco Jareño and María de la O González},
keywords = {Cryptocurrencies, Fiat currencies, Coronavirus media coverage index (MCI), Connectedness, COVID-19 pandemic crisis}
}

@misc{Investopedia,   
    title = {Non-Fungible Token (NFT): What It Means and How It Works},   
    url = {https://www.investopedia.com/non-fungible-tokens-nft-5115211},   
    author = {Rakesh Sharma},   
    year = {2023},   
    note = {Accessed on May 24, 2023} 
}

@article{10.1145/3474355,
author = {Kugler, Logan},
title = {Non-Fungible Tokens and the Future of Art},
year = {2021},
issue_date = {September 2021},
publisher = {Association for Computing Machinery},
address = {New York, NY, USA},
volume = {64},
number = {9},
issn = {0001-0782},
url = {https://doi.org/10.1145/3474355},
doi = {10.1145/3474355},
abstract = {A new blockchain-based technology is changing how the art world works, and changing how we think about asset ownership in the process.},
journal = {Commun. ACM},
month = {aug},
pages = {19–20},
numpages = {2}
}

@ARTICLE{9409120,
  author={Peng, Kai and Li, Meijun and Huang, Haojun and Wang, Chen and Wan, Shaohua and Choo, Kim-Kwang Raymond},
  journal={IEEE Internet of Things Journal}, 
  title={Security Challenges and Opportunities for Smart Contracts in Internet of Things: A Survey}, 
  year={2021},
  volume={8},
  number={15},
  pages={12004-12020},
  doi={10.1109/JIOT.2021.3074544}}

@misc{Chainalysis,
    title = {Crypto Crime Trends for 2022: Illicit Transaction Activity Reaches All-Time High in Value, All-time Low in Share of All Cryptocurrency Activity},
    year = {2022},
    month ={February},
    author ={{Chainalysis}}
}

@misc{vonwachter2022nft,
      title={NFT Wash Trading: Quantifying suspicious behaviour in NFT markets}, 
      author={Victor von Wachter and Johannes Rude Jensen and Ferdinand Regner and Omri Ross},
      year={2022},
      eprint={2202.03866},
      archivePrefix={arXiv},
      primaryClass={cs.CR}
}

@report{treasurydepartment,
  title = {Study of the Facilitation of Money Laundering and Terror Finance Through the Trade in Works of Art},
  author= {US Department of the Treasury},
  year = {2022},
  month = {February},
  institution={US Department of the Treasury},
  location={Washington, USA}
}

@article{roy2023demystifying,
  title={Demystifying NFT Promotion and Phishing Scams},
  author={Roy, Sayak Saha and Das, Dipanjan and Bose, Priyanka and Kruegel, Christopher and Vigna, Giovanni and Nilizadeh, Shirin},
  journal={arXiv preprint arXiv:2301.09806},
  year={2023}
}

@article{wang2021non,
  title={Non-fungible token (NFT): Overview, evaluation, opportunities and challenges},
  author={Wang, Qin and Li, Rujia and Wang, Qi and Chen, Shiping},
  journal={arXiv preprint arXiv:2105.07447},
  year={2021}
}

@inproceedings{victor2021detecting,
  title={Detecting and quantifying wash trading on decentralized cryptocurrency exchanges},
  author={Victor, Friedhelm and Weintraud, Andrea Marie},
  booktitle={Proceedings of the Web Conference 2021},
  pages={23--32},
  year={2021}
}

@article{Rafli_2022, 
title={NFT Become a Copyright Solution}, 
volume={1}, 
url={https://www.ejournal.catuspata.com/index.php/jdlp/article/view/166}, 
DOI={10.58982/jdlp.v1i2.166}, 
number={2}, 
journal={Journal of Digital Law and Policy}, 
author={Rafli, Dw Putu Alit Denbagus}, 
year={2022}, 
month={January}, 
pages={87-96} 
}

@article{barakat2022use,
  title={The Use of NFT for Patent Protection},
  author={Barakat, Samer and Yaghi, Khalil and Al-Zagheer, Hanady},
  journal={Advances in Dynamical Systems and Applications},
  volume={17},
  number={1},
  pages={107--113},
  year={2022}
}